<collection xmlns="http://www.loc.gov/MARC21/slim">
<record>
  <leader>01521nam0a22002171i 450 </leader>
  <controlfield tag="001">IT\ICCU\CNCE\064442</controlfield>
  <controlfield tag="005">20060412000000.0</controlfield>
  <datafield tag="012" ind1=" " ind2=" ">
    <subfield code="a">ono; ,&amp;a- ,&amp;io nie. (C) 1600 (Q)</subfield>
    <subfield code="2">fei</subfield>
  </datafield>
  <datafield tag="100" ind1=" " ind2=" ">
    <subfield code="a">20060412f1600        0itac0103    ba</subfield>
  </datafield>
  <datafield tag="101" ind1=" " ind2=" ">
    <subfield code="a">ITA</subfield>
  </datafield>
  <datafield tag="102" ind1=" " ind2=" ">
    <subfield code="a">IT</subfield>
  </datafield>
  <datafield tag="200" ind1="1" ind2=" ">
    <subfield code="a">Terminationi, et ordeni dell&apos;illustriss.mi sig.ri Sopraproueditori, &amp; Proueditori alle pompe; in materia de vestimenti, cosi di homini, come di donne, parti, comare, pasti, cuoghi, scalchi, &amp; coette, che si sparano per la citta</subfield>
  </datafield>
  <datafield tag="210" ind1=" " ind2=" ">
    <subfield code="a">\Venezia!</subfield>
    <subfield code="c">stampata in Calle dalle Rasse</subfield>
    <subfield code="d">per il Rampazetto. -\4! c.</subfield>
    <subfield code="d">4</subfield>
  </datafield>
  <datafield tag="300" ind1=" " ind2=" ">
    <subfield code="a">ANNULLATA  !!!!  vedi 52338((Luogo di pubblicazione desunto dal luogo di attivita del tipografo. - In base al confronto di alcuni elementi (vignetta xil. sul front. con leone marciano, caratteri e iniziale xil.) con esemplari datati, si suppone che siastato stampato o da Giovanni Antonio o da Francesco &lt;2.&gt; Rampazetto. - Data di affissione 15 e 26 gennaio 1599 m.v., ossia 1600. - Pubblicato non prima del 1600 (affissione). - Rom.; cors. - Segn.: A4</subfield>
  </datafield>
  <datafield tag="620" ind1=" " ind2=" ">
    <subfield code="a">IT</subfield>
    <subfield code="d">Venezia</subfield>
  </datafield>
  <datafield tag="712" ind1="0" ind2="2">
    <subfield code="a">Venezia</subfield>
    <subfield code="c"> &lt;Repubblica&gt;</subfield>
    <subfield code="b"> : Provveditori e Sopraprovveditori alle pompe</subfield>
    <subfield code="3">IT\ICCU\CNCA\026418</subfield>
  </datafield>
  <datafield tag="712" ind1="0" ind2="0">
    <subfield code="a">Rampazetto, Francesco</subfield>
    <subfield code="c"> &lt;1.&gt;</subfield>
    <subfield code="3">IT\ICCU\CNCT\000034</subfield>
    <subfield code="4">650</subfield>
  </datafield>
  <datafield tag="791" ind1="0" ind2="2">
    <subfield code="a">Rampazzetto Francesco</subfield>
    <subfield code="3">IT\ICCU\CNCT\005286</subfield>
    <subfield code="z">Rampazetto, Francesco &lt;1.&gt;</subfield>
  </datafield>
  <datafield tag="791" ind1="0" ind2="0">
    <subfield code="a">Rampazetus, Franciscus</subfield>
    <subfield code="3">IT\ICCU\CNCT\005287</subfield>
    <subfield code="z">Rampazetto, Francesco &lt;1.&gt;</subfield>
  </datafield>
  <datafield tag="801" ind1=" " ind2="3">
    <subfield code="a">IT</subfield>
    <subfield code="b">ICCU</subfield>
    <subfield code="c">20201115</subfield>
  </datafield>
  <datafield tag="899" ind1=" " ind2=" ">
    <subfield code="a">Biblioteca Querini Stampalia. Venezia</subfield>
    <subfield code="1">VE0047</subfield>
    <subfield code="2">VEA QS</subfield>
  </datafield>
</record>
</collection>
